<?xml version="1.0" encoding="UTF-8"?><collection xmlns="http://www.loc.gov/MARC21/slim"><record><leader>00749nam--2200181-i-4500</leader><controlfield tag="001">000018723</controlfield><controlfield tag="002">20161230</controlfield><controlfield tag="005">20170108234254</controlfield><controlfield tag="008">060222s1000------------r-----000-0-eng-d</controlfield><datafield ind1=" " ind2=" " tag="040"><subfield code="a">IFIN-HH</subfield></datafield><datafield ind1=" " ind2=" " tag="080"><subfield code="a">533.9(061.3)</subfield></datafield><datafield ind1="1" ind2=" " tag="110"><subfield code="a">French Ministry Of Scientific Research And Atomic And Spatial Problems</subfield></datafield><datafield ind1="1" ind2="0" tag="245"><subfield code="a">7-e Congres International de physique des semiconducteurs; Seventh international conference on the physics of semiconductors</subfield><subfield code="b">Recombinaison radiative dans les semiconducteurs. Radiative recombination in semiconductors, Paris, 1964</subfield></datafield><datafield ind1=" " ind2=" " tag="260"><subfield code="a">Paris</subfield><subfield code="b">Dunod</subfield><subfield code="c">1965</subfield></datafield><datafield ind1=" " ind2=" " tag="300"><subfield code="a">296 p</subfield></datafield><datafield ind1=" " ind2=" " tag="490"><subfield code="a">7-e Congres International De Physique Des Semiconducteurs</subfield><subfield code="v">Volume 4</subfield></datafield><datafield ind1=" " ind2=" " tag="852"><subfield code="a">20859</subfield><subfield code="c">537.311.33</subfield></datafield><datafield ind1=" " ind2=" " tag="CAT"><subfield code="a">SYS</subfield><subfield code="c">20170108</subfield><subfield code="h">234254</subfield></datafield></record></collection>